<mx:record xmlns="http://www.w3.org/TR/xhtml1/strict" xmlns:mx="http://www.loc.gov/MARC21/slim" xmlns:xsi="http://www.w3.org/2001/XMLSchema-instance"><mx:leader>00000cz   2200000n  4500</mx:leader><mx:controlfield tag="001">oca00065357 </mx:controlfield><mx:controlfield tag="005">19890717125034.4</mx:controlfield><mx:controlfield tag="008">800613n| acannaab|          |a aaa |||  </mx:controlfield><mx:datafield ind1=" " ind2=" " tag="010"><mx:subfield code="a">n  50029985 </mx:subfield></mx:datafield><mx:datafield ind1=" " ind2=" " tag="040"><mx:subfield code="a">DLC</mx:subfield><mx:subfield code="c">DLC</mx:subfield><mx:subfield code="d">DLC</mx:subfield></mx:datafield><mx:datafield ind1="1" ind2=" " tag="100"><mx:subfield code="a">Heinsius, Daniel,</mx:subfield><mx:subfield code="d">1580-1655</mx:subfield></mx:datafield><mx:datafield ind1="1" ind2=" " tag="400"><mx:subfield code="a">Heins, Daniel,</mx:subfield><mx:subfield code="d">1580-1655</mx:subfield></mx:datafield><mx:datafield ind1="0" ind2=" " tag="400"><mx:subfield code="a">Theocritus à Ganda,</mx:subfield><mx:subfield code="d">1580-1655</mx:subfield></mx:datafield><mx:datafield ind1="1" ind2=" " tag="400"><mx:subfield code="a">Philodusus, Janus,</mx:subfield><mx:subfield code="d">1580-1655</mx:subfield></mx:datafield><mx:datafield ind1="1" ind2=" " tag="400"><mx:subfield code="a">Heynsius, D.</mx:subfield><mx:subfield code="q">(Daniel),</mx:subfield><mx:subfield code="d">1580-1655</mx:subfield></mx:datafield><mx:datafield ind1=" " ind2=" " tag="670"><mx:subfield code="a">His Titi Livii Historiarum ...</mx:subfield></mx:datafield><mx:datafield ind1=" " ind2=" " tag="670"><mx:subfield code="a">nuc88-107663: His Crepundia siliana [MI] 1646</mx:subfield><mx:subfield code="b">(hdg. on WaU rept.: Heinsius, Daniel, 1580-1655; usage: D. Heynsii)</mx:subfield></mx:datafield><mx:datafield ind1=" " ind2=" " tag="999"><mx:subfield code="a">421</mx:subfield></mx:datafield></mx:record>